@article {pop0001,
	author = {AL Barabási and R Albert},
	title = {Emergence of Scaling in Random Networks},
	journal = {Science},
	publisher = {sciencemag.org},
	url = {http://www.sciencemag.org/cgi/content/abstract/286/5439/509},
	year = {1999},
	note = {3899 cites: http://scholar.google.com/scholar?num=100\&hl=en\&lr=\&cites=656670982446636554},
}
@article {pop0002,
	author = {R Albert and AL Barabási},
	title = {Statistical mechanics of complex networks},
	journal = {Reviews of Modern Physics},
	publisher = {APS},
	url = {http://link.aps.org/doi/10.1103/RevModPhys.74.47},
	year = {2002},
	note = {3146 cites: http://scholar.google.com/scholar?num=100\&hl=en\&lr=\&cites=15852322625393565831},
}
@book {pop0003,
	author = {AL Barabási and HE Stanley},
	title = {Fractal Concepts in Surface Growth},
	publisher = {books.google.com},
	url = {http://books.google.com/books?hl=en\&amp;lr=\&amp;id=W4SqcNr8PLYC\&amp;oi=fnd\&amp;pg=PR15\&amp;dq=Albert-Lszl+Barabsi\&amp;ots=eEOKsND5oz\&amp;sig=jI8QmTv4UWaQfU_XUMVakVA1www},
	year = {1995},
	note = {1943 cites: http://scholar.google.com/scholar?num=100\&hl=en\&lr=\&cites=4786996350977270535},
}
@article {pop0004,
	author = {AL Barabási and RE Crandall},
	title = {Linked: The New Science of Networks},
	journal = {American Journal of Physics},
	publisher = {link.aip.org},
	url = {http://link.aip.org/link/?AJPIAS/71/409/2},
	year = {2003},
	note = {1341 cites: http://scholar.google.com/scholar?num=100\&hl=en\&lr=\&cites=14552054365954425526},
}
@article {pop0005,
	author = {R Albert and AL Barabási},
	title = {Topology of Evolving Networks: Local Events and Universality},
	journal = {Physical Review Letters},
	publisher = {APS},
	url = {http://link.aps.org/doi/10.1103/PhysRevLett.85.5234},
	year = {2000},
	note = {514 cites: http://scholar.google.com/scholar?num=100\&hl=en\&lr=\&cites=11648229917216339347},
}
@article {pop0006,
	author = {E Ravasz and AL Barabási},
	title = {Hierarchical organization in complex networks},
	journal = {Physical Review E},
	publisher = {APS},
	url = {http://link.aps.org/doi/10.1103/PhysRevE.67.026112},
	year = {2003},
	note = {444 cites: http://scholar.google.com/scholar?num=100\&hl=en\&lr=\&cites=18305065683732112550},
}
@article {pop0007,
	author = {AL Barabási and R Albert},
	title = {Emerging of scaling in random networks - IU-Link},
	journal = {Science},
	year = {1999},
	note = {439 cites: http://scholar.google.com/scholar?num=100\&hl=en\&lr=\&cites=6876758117447958952},
}
@article {pop0008,
	author = {AL Barabási and R Albert and H Jeong},
	title = {Scale-free characteristics of random networks: the topology of the world-wide web},
	journal = {Physica A: Statistical Mechanics and its Applications},
	publisher = {Elsevier},
	url = {http://linkinghub.elsevier.com/retrieve/pii/S0378437100000182},
	year = {2000},
	note = {381 cites: http://scholar.google.com/scholar?num=100\&hl=en\&lr=\&cites=6631700417435632812},
}
@book {pop0009,
	author = {AL Barabási},
	title = {Linked: How Everything Is Connected to Everything Else and What It Means for Business, Science, and …},
	publisher = {books.google.com},
	url = {http://books.google.com/books?hl=en\&amp;lr=\&amp;id=QTHsGNY4wcwC\&amp;oi=fnd\&amp;pg=PA1\&amp;dq=Albert-Lszl+Barabsi\&amp;ots=9QoPI6Bomm\&amp;sig=nij3A7r6W-tVegKU3Teuo4BONEs},
	year = {2003},
	note = {198 cites: http://scholar.google.com/scholar?num=100\&hl=en\&lr=\&cites=11938201039952997417},
}
@article {pop0010,
	author = {I Daruka and AL Barabási},
	title = {Dislocation-Free Island Formation in Heteroepitaxial Growth: A Study at Equilibrium},
	journal = {Physical Review Letters},
	publisher = {APS},
	url = {http://link.aps.org/doi/10.1103/PhysRevLett.79.3708},
	year = {1997},
	note = {163 cites: http://scholar.google.com/scholar?num=100\&hl=en\&lr=\&cites=8786929462484134444},
}
@article {pop0011,
	author = {R Cuerno and AL Barabási},
	title = {Dynamic Scaling of Ion-Sputtered Surfaces},
	journal = {Physical Review Letters},
	publisher = {APS},
	url = {http://link.aps.org/doi/10.1103/PhysRevLett.74.4746},
	year = {1995},
	note = {160 cites: http://scholar.google.com/scholar?num=100\&hl=en\&lr=\&cites=13772128764952304284},
}
@article {pop0012,
	author = {IJ Farkas and I Derényi and AL Barabási and T Vicsek},
	title = {Spectra of “real-world” graphs: Beyond the semicircle law},
	journal = {Physical Review E},
	publisher = {APS},
	url = {http://link.aps.org/doi/10.1103/PhysRevE.64.026704},
	year = {2001},
	note = {136 cites: http://scholar.google.com/scholar?num=100\&hl=en\&lr=\&cites=522577067782006313},
}
@article {pop0013,
	author = {G Bianconi and AL Barabási},
	title = {Bose-Einstein Condensation in Complex Networks},
	journal = {Physical Review Letters},
	publisher = {APS},
	url = {http://link.aps.org/doi/10.1103/PhysRevLett.86.5632},
	year = {2001},
	note = {135 cites: http://scholar.google.com/scholar?num=100\&hl=en\&lr=\&cites=8969420492977348780},
}
@article {pop0014,
	author = {Z Dezső and AL Barabási},
	title = {Halting viruses in scale-free networks},
	journal = {Physical Review E},
	publisher = {APS},
	url = {http://link.aps.org/doi/10.1103/PhysRevE.65.055103},
	year = {2002},
	note = {132 cites: http://scholar.google.com/scholar?num=100\&hl=en\&lr=\&cites=13987758847610284637},
}
@article {pop0015,
	author = {AL Barabási and E Ravasz and T Vicsek},
	title = {Deterministic scale-free networks},
	journal = {Physica A: Statistical Mechanics and its Applications},
	publisher = {Elsevier},
	url = {http://linkinghub.elsevier.com/retrieve/pii/S0378437101003697},
	year = {2001},
	note = {106 cites: http://scholar.google.com/scholar?num=100\&hl=en\&lr=\&cites=2411474478270403083},
}
@article {pop0016,
	author = {R Albert and H Jeong and AL Barabási},
	title = {Internet: Diameter of the World-Wide Web},
	journal = {Nature},
	publisher = {adsabs.harvard.edu},
	url = {http://adsabs.harvard.edu/abs/1999Natur.401..130A},
	year = {1999},
	note = {105 cites: http://scholar.google.com/scholar?num=100\&hl=en\&lr=\&cites=8962730404063103115},
}
@article {pop0017,
	author = {AL Barabási},
	title = {Self-assembled island formation in heteroepitaxial growth},
	journal = {Applied Physics Letters},
	publisher = {link.aip.org},
	url = {http://link.aip.org/link/?APPLAB/70/2565/1},
	year = {1997},
	note = {98 cites: http://scholar.google.com/scholar?num=100\&hl=en\&lr=\&cites=15643461181251795364},
}
@article {pop0018,
	author = {… Li and A Smolyar and DE Hill and AL Barabási and M Vidal and HY …},
	title = {A Protein–Protein Interaction Network for Human Inherited Ataxias and Disorders of Purkinje Cell …},
	journal = {Cell},
	publisher = {Elsevier},
	url = {http://linkinghub.elsevier.com/retrieve/pii/S0092867406004399},
	year = {2006},
	note = {95 cites: http://scholar.google.com/scholar?num=100\&hl=en\&lr=\&cites=2396722809087603608},
}
@article {pop0019,
	author = {AL Barabási},
	title = {The origin of bursts and heavy tails in human dynamics},
	journal = {Arxiv preprint cond-mat/0505371},
	publisher = {arxiv.org},
	url = {http://arxiv.org/abs/cond-mat/0505371},
	year = {2005},
	note = {89 cites: http://scholar.google.com/scholar?num=100\&hl=en\&lr=\&cites=4532329027137788367},
}
@article {pop0020,
	author = {P Jensen and AL Barabási and H Larralde and S Havlin and HE …},
	title = {Deposition, diffusion, and aggregation of atoms on surfaces: A model for nanostructure growth},
	journal = {Physical Review B},
	publisher = {APS},
	url = {http://link.aps.org/doi/10.1103/PhysRevB.50.15316},
	year = {1994},
	note = {79 cites: http://scholar.google.com/scholar?num=100\&hl=en\&lr=\&cites=1447594257140064336},
}
@article {pop0021,
	author = {MA Makeev and AL Barabási},
	title = {Ion-induced effective surface diffusion in ion sputtering},
	journal = {Applied Physics Letters},
	publisher = {link.aip.org},
	url = {http://link.aip.org/link/?APPLAB/71/2800/1},
	year = {1997},
	note = {79 cites: http://scholar.google.com/scholar?num=100\&hl=en\&lr=\&cites=15946208681138028132},
}
@article {pop0022,
	author = {AL Barabási and T Vicsek},
	title = {Multifractality of self-affine fractals},
	journal = {Physical Review A},
	publisher = {APS},
	url = {http://link.aps.org/doi/10.1103/PhysRevA.44.2730},
	year = {1991},
	note = {78 cites: http://scholar.google.com/scholar?num=100\&hl=en\&lr=\&cites=10387021375849320964},
}
@article {pop0023,
	author = {AL Barabási and Z Dezso and E Ravasz and SH Yook and Z Oltvai},
	title = {Scale-Free and Hierarchical Structures in Complex Networks},
	journal = {AIP Conference Proceedings},
	publisher = {link.aip.org},
	url = {http://link.aip.org/link/?APCPCS/661/1/1},
	year = {2003},
	note = {59 cites: http://scholar.google.com/scholar?num=100\&hl=en\&lr=\&cites=7258564144953181094},
}
@article {pop0024,
	author = {R Albert and AL Barabási},
	title = {Dynamics of Complex Systems: Scaling Laws for the Period of Boolean Networks},
	journal = {Physical Review Letters},
	publisher = {APS},
	url = {http://link.aps.org/doi/10.1103/PhysRevLett.84.5660},
	year = {2000},
	note = {56 cites: http://scholar.google.com/scholar?num=100\&hl=en\&lr=\&cites=15932740196314344504},
}
@article {pop0025,
	author = {MA Makeev and R Cuerno and AL Barabási},
	title = {Morphology of ion-sputtered surfaces},
	journal = {Nuclear Inst. and Methods in Physics Research, B},
	publisher = {Elsevier},
	url = {http://linkinghub.elsevier.com/retrieve/pii/S0168583X02014362},
	year = {2002},
	note = {47 cites: http://scholar.google.com/scholar?num=100\&hl=en\&lr=\&cites=610328893610917287},
}
@article {pop0026,
	author = {LAN Amaral and AL Barabási and HA Makse and HE Stanley},
	title = {Scaling properties of driven interfaces in disordered media},
	journal = {Physical Review E},
	publisher = {APS},
	url = {http://link.aps.org/doi/10.1103/PhysRevE.52.4087},
	year = {1995},
	note = {41 cites: http://scholar.google.com/scholar?num=100\&hl=en\&lr=\&cites=5882123892405980561},
}
@article {pop0027,
	author = {AL Barabási and ZN Oltvai and P Box and NPG Contact},
	title = {From the following article},
	journal = {Nature Reviews Genetics},
	publisher = {nature.com},
	url = {http://www.nature.com/nrg/journal/v5/n2/box/nrg1272_BX1.html},
	year = {2004},
	note = {40 cites: http://scholar.google.com/scholar?num=100\&hl=en\&lr=\&cites=16342143756633778698},
}
@article {pop0028,
	author = {I Daruka and AL Barabási},
	title = {Equilibrium phase diagrams for dislocation free self-assembled quantum dots},
	journal = {Applied Physics Letters},
	publisher = {link.aip.org},
	url = {http://link.aip.org/link/?APPLAB/72/2102/1},
	year = {1998},
	note = {40 cites: http://scholar.google.com/scholar?num=100\&hl=en\&lr=\&cites=12625064069874409431},
}
@article {pop0029,
	author = {… Oliveira and Z Dezsö and KI Goh and I Kondor and AL Barabási},
	title = {Modeling bursts and heavy tails in human dynamics},
	journal = {Physical Review E},
	publisher = {APS},
	url = {http://link.aps.org/doi/10.1103/PhysRevE.73.036127},
	year = {2006},
	note = {36 cites: http://scholar.google.com/scholar?num=100\&hl=en\&lr=\&cites=1306290975721440915},
}
@article {pop0030,
	author = {…  and I Albert and D Hornbaker and P Schiffer and AL Barabási},
	title = {Maximum angle of stability in wet and dry spherical granular media},
	journal = {Physical Review E},
	publisher = {APS},
	url = {http://link.aps.org/doi/10.1103/PhysRevE.56.R6271},
	year = {1997},
	note = {32 cites: http://scholar.google.com/scholar?num=100\&hl=en\&lr=\&cites=8891616344525608485},
}
@article {pop0031,
	author = {C Lee and AL Barabási},
	title = {Spatial ordering of islands grown on patterned surfaces},
	journal = {Applied Physics Letters},
	publisher = {link.aip.org},
	url = {http://link.aip.org/link/?APPLAB/73/2651/1},
	year = {1998},
	note = {27 cites: http://scholar.google.com/scholar?num=100\&hl=en\&lr=\&cites=12530583267027377787},
}
@article {pop0032,
	author = {A Czirók and AL Barabási and T Vicsek},
	title = {Collective Motion of Self-Propelled Particles: Kinetic Phase Transition in One Dimension},
	journal = {Physical Review Letters},
	publisher = {APS},
	url = {http://link.aps.org/doi/10.1103/PhysRevLett.82.209},
	year = {1999},
	note = {24 cites: http://scholar.google.com/scholar?num=100\&hl=en\&lr=\&cites=2688604936631504018},
}
@article {pop0033,
	author = {R Albert and AL Barabási and N Carle and A Dougherty},
	title = {Driven Interfaces in Disordered Media: Determination of Universality Classes from Experimental Data},
	journal = {Physical Review Letters},
	publisher = {APS},
	url = {http://link.aps.org/doi/10.1103/PhysRevLett.81.2926},
	year = {1998},
	note = {19 cites: http://scholar.google.com/scholar?num=100\&hl=en\&lr=\&cites=9924626888099620793},
}
@article {pop0034,
	author = {AL Barabási},
	title = {Taming complexity},
	journal = {Nature Physics},
	publisher = {nature.com},
	url = {http://www.nature.com/nphys/journal/v1/n2/abs/nphys162.html},
	year = {2005},
	note = {17 cites: http://scholar.google.com/scholar?num=100\&hl=en\&lr=\&cites=3421253482420843950},
}
@article {pop0035,
	author = {AL Barabási and SV Buldyrev and HE Stanley and B Suki},
	title = {Avalanches in the Lung: A Statistical Mechanical Model},
	journal = {Physical Review Letters},
	publisher = {APS},
	url = {http://link.aps.org/doi/10.1103/PhysRevLett.76.2192},
	year = {1996},
	note = {16 cites: http://scholar.google.com/scholar?num=100\&hl=en\&lr=\&cites=6727797017778307129},
}
@article {pop0036,
	author = {LAN Amaral and AL Barabási and HE Stanley},
	title = {Universality classes for interface growth with quenched disorder},
	journal = {Physical Review Letters},
	publisher = {APS},
	url = {http://link.aps.org/doi/10.1103/PhysRevLett.73.62},
	year = {1994},
	note = {14 cites: http://scholar.google.com/scholar?num=100\&hl=en\&lr=\&cites=1985127126696101050},
}
@article {pop0037,
	author = {I Derényi and C Lee and AL Barabási},
	title = {Ratchet Effect in Surface Electromigration: Smoothing Surfaces by an ac Field},
	journal = {Physical Review Letters},
	publisher = {APS},
	url = {http://link.aps.org/doi/10.1103/PhysRevLett.80.1473},
	year = {1998},
	note = {11 cites: http://scholar.google.com/scholar?num=100\&hl=en\&lr=\&cites=12105609354452136306},
}
@article {pop0038,
	author = {AL Barabási},
	title = {Self-organized superlattice formation in II–IV and III–V semiconductors},
	journal = {Applied Physics Letters},
	publisher = {link.aip.org},
	url = {http://link.aip.org/link/?APPLAB/70/764/1},
	year = {1997},
	note = {8 cites: http://scholar.google.com/scholar?num=100\&hl=en\&lr=\&cites=10553974411577311992},
}
@article {pop0039,
	author = {A Vázquez and JG Oliveira and AL Barabási},
	title = {Inhomogeneous evolution of subgraphs and cycles in complex networks},
	journal = {Physical Review E},
	publisher = {APS},
	url = {http://link.aps.org/doi/10.1103/PhysRevE.71.025103},
	year = {2005},
	note = {7 cites: http://scholar.google.com/scholar?num=100\&hl=en\&lr=\&cites=1342614772431888013},
}
@article {pop0040,
	author = {AL Barabási and R Bourbonnais and M Jensen and J Kertész and …},
	title = {Multifractality of growing surfaces},
	journal = {Physical Review A},
	publisher = {APS},
	url = {http://link.aps.org/doi/10.1103/PhysRevA.45.R6951},
	year = {1992},
	note = {5 cites: http://scholar.google.com/scholar?num=100\&hl=en\&lr=\&cites=7571378833524866776},
}
@book {pop0041,
	author = {AL Barabási and BA Oulx},
	title = {Link: la nuova scienza delle reti},
	publisher = {Giulio Einaudi},
	year = {2004},
	note = {5 cites: http://scholar.google.com/scholar?num=100\&hl=en\&lr=\&cites=4290484277183748680},
}
@book {pop0042,
	author = {AL Barabási},
	title = {Linked, PLUME},
	publisher = {Penguin Group (New York)},
	year = {2003},
	note = {5 cites: http://scholar.google.com/scholar?num=100\&hl=en\&lr=\&cites=15199005563944706316},
}
@article {pop0043,
	author = {R Albert and AL Barabási},
	title = {Emerging of Scaling in Random Networks - IU-Link},
	journal = {Science},
	year = {1999},
	note = {4 cites: http://scholar.google.com/scholar?num=100\&hl=en\&lr=\&cites=7311776205494283652},
}
@article {pop0044,
	author = {MC González and AL Barabási},
	title = {Complex networks: From data to models},
	journal = {Nature Physics},
	publisher = {nature.com},
	url = {http://www.nature.com/nphys/journal/v3/n4/abs/nphys581.html},
	year = {2007},
	note = {4 cites: http://scholar.google.com/scholar?num=100\&hl=en\&lr=\&cites=11144012049410664575},
}
@article {pop0045,
	author = {AL BARABÁSI},
	title = {Linked: how everything is connected to everything else and waht it means for business, science, and …},
	journal = {New York: Plume Book Penguin Group},
	year = {2003},
	note = {4 cites: http://scholar.google.com/scholar?num=100\&hl=en\&lr=\&cites=6551693883878102635},
}
@article {pop0046,
	author = {P Jensen and AL Barabási and H Larralde and S Havlin and HE …},
	title = {Model incorporating deposition, diffusion, and aggregation in submonolayer nanostructures},
	journal = {Physical Review E},
	publisher = {APS},
	url = {http://link.aps.org/doi/10.1103/PhysRevE.50.618},
	year = {1994},
	note = {3 cites: http://scholar.google.com/scholar?num=100\&hl=en\&lr=\&cites=4436598405271623823},
}
@article {pop0047,
	author = {AL Barabási and M Araujo and HE Stanley},
	title = {Three-dimensional Toom model: Connection to the anisotropic Kardar-Parisi-Zhang equation},
	journal = {Physical Review Letters},
	publisher = {APS},
	url = {http://link.aps.org/doi/10.1103/PhysRevLett.68.3729},
	year = {1992},
	note = {3 cites: http://scholar.google.com/scholar?num=100\&hl=en\&lr=\&cites=11136369649594891400},
}
@article {pop0048,
	author = {A Réka and B Albert-László},
	title = {Topology of Evolving Networks: Local Events and Universality - IU-Link},
	journal = {Physical Review Letters},
	year = {2000},
	note = {3 cites: http://scholar.google.com/scholar?num=100\&hl=en\&lr=\&cites=11298074111968184934},
}
@article {pop0049,
	author = {MA Makeev and AL Barabási},
	title = {Effect of surface morphology on the sputtering yields. I. Ion sputtering from self-affine surfaces},
	journal = {Nuclear Inst. and Methods in Physics Research, B},
	publisher = {Elsevier},
	url = {http://linkinghub.elsevier.com/retrieve/pii/S0168583X04003416},
	year = {2004},
	note = {3 cites: http://scholar.google.com/scholar?num=100\&hl=en\&lr=\&cites=5658997906516859333},
}
@article {pop0050,
	author = {AL Barabási},
	title = {The Architecture of Complexity: From the Diameter of the WWW to the Structure of the Cell},
	journal = {University of Notre Dame, Physics Department, Self-Organized …},
	year = {2003},
	note = {3 cites: http://scholar.google.com/scholar?num=100\&hl=en\&lr=\&cites=10731723627016420815},
}
@article {pop0051,
	author = {AL Barabási},
	title = {Thermodynamic and kinetic mechanisms in self-assembled quantum dot formation},
	journal = {Materials Science \& Engineering B},
	publisher = {Elsevier},
	url = {http://linkinghub.elsevier.com/retrieve/pii/S0921510799002056},
	year = {1999},
	note = {3 cites: http://scholar.google.com/scholar?num=100\&hl=en\&lr=\&cites=15669250285362480241},
}
@article {pop0052,
	author = {AL Barabási},
	title = {Surfactant-mediated growth of nonequilibrium interfaces},
	journal = {Physical Review Letters},
	publisher = {APS},
	url = {http://link.aps.org/doi/10.1103/PhysRevLett.70.4102},
	year = {1993},
	note = {3 cites: http://scholar.google.com/scholar?num=100\&hl=en\&lr=\&cites=9560804853968579344},
}
@book {pop0053,
	author = {AL Barabási and M Vicsek},
	title = {Behálózva},
	publisher = {M. Kvklub},
	year = {2003},
	note = {2 cites: http://scholar.google.com/scholar?num=100\&hl=en\&lr=\&cites=18140094798612186898},
}
@article {pop0054,
	author = {AL BARABÁSI and E BONABEAU},
	title = {Redes sem escala},
	journal = {São Paulo: Scientific American Brasil},
	year = {2003},
	note = {2 cites: http://scholar.google.com/scholar?num=100\&hl=en\&lr=\&cites=1530904715617675150},
}
@article {pop0055,
	author = {R Albert and H Jeong and AL Barabási},
	title = {Diameter of the Web},
	journal = {Nature},
	year = {1999},
	note = {2 cites: http://scholar.google.com/scholar?num=100\&hl=en\&lr=\&cites=12885509695235893378},
}
@article {pop0056,
	author = {P Molinŕs-Mata and MA Muńoz and DO Martínez and AL Barabási},
	title = {Ballistic random walker},
	journal = {Physical Review E},
	publisher = {APS},
	url = {http://link.aps.org/doi/10.1103/PhysRevE.54.968},
	year = {1996},
	note = {2 cites: http://scholar.google.com/scholar?num=100\&hl=en\&lr=\&cites=15572051582350783767},
}
@misc {pop0057,
	author = {AL Barabási and ZN Oltvai},
	title = {Network biology: understanding the cell's functional organization. Natural Reviews. Volume 5, …},
	note = {2 cites: http://scholar.google.com/scholar?num=100\&hl=en\&lr=\&cites=12387170201137051197},
}
@article {pop0058,
	author = {J Albert-László Barabási},
	title = {The physics of the Web},
	journal = {Physics Web http://www. physicsweb. org/article/world/14/7/ …},
	year = {2001},
	note = {2 cites: http://scholar.google.com/scholar?num=100\&hl=en\&lr=\&cites=17182583635651542757},
}
@article {pop0059,
	author = {AL Barabási},
	title = {Invasion Percolation and Global Optimization},
	journal = {Physical Review Letters},
	publisher = {APS},
	url = {http://link.aps.org/doi/10.1103/PhysRevLett.76.3750},
	year = {1996},
	note = {2 cites: http://scholar.google.com/scholar?num=100\&hl=en\&lr=\&cites=5681702789924829678},
}
@article {pop0060,
	author = {AL Barabási},
	title = {Dynamics of Random Networks: Connectivity and First Order Phase Transitions},
	journal = {Arxiv preprint cond-mat/9511052},
	publisher = {arxiv.org},
	url = {http://arxiv.org/abs/cond-mat/9511052},
	year = {1995},
	note = {2 cites: http://scholar.google.com/scholar?num=100\&hl=en\&lr=\&cites=5555997341227021836},
}
@misc {pop0061,
	author = {AL Barabási},
	title = {The physics of the Web. 2001},
	note = {2 cites: http://scholar.google.com/scholar?num=100\&hl=en\&lr=\&cites=7785754065882958981},
}
@article {pop0062,
	author = {AL BARABÁSI},
	title = {Linked: how everything is connected to everything else and what it means for business, science, and …},
	journal = {Links},
	note = {2 cites: http://scholar.google.com/scholar?num=100\&hl=en\&lr=\&cites=10616499001953559986},
}
@article {pop0063,
	author = {R Albert and H Jeong and AL Barabási},
	title = {Error and attack tolerance of complex networks/University of Notre Dame},
	journal = {Indiana. 2000.–Working Paper},
	note = {1 cites: http://scholar.google.com/scholar?num=100\&hl=en\&lr=\&cites=1303151214971862559},
}
@article {pop0064,
	author = {MA Makeev and I Derényi and AL Barabási},
	title = {Emergence of large-scale vorticity during diffusion in a random potential under an alternating bias},
	journal = {Physical Review E},
	publisher = {APS},
	url = {http://link.aps.org/doi/10.1103/PhysRevE.71.026112},
	year = {2005},
	note = {1 cites: http://scholar.google.com/scholar?num=100\&hl=en\&lr=\&cites=7056458317729395867},
}
@article {pop0065,
	author = {A Réka and H Jeong and AL Barabási},
	title = {Error and attack tolerance of complex networks. 2000},
	journal = {Department of Physics, University of Notre Dame: Notre Dame, …},
	note = {1 cites: http://scholar.google.com/scholar?num=100\&hl=en\&lr=\&cites=2914141147010278553},
}
@article {pop0066,
	author = {P Raghavan and G Fulgoni and AL Barabási},
	title = {Incentive Networks},
	journal = {Journal of Sociology},
	publisher = {doi.ieeecomputersociety.org},
	url = {http://doi.ieeecomputersociety.org/10.1109/LAWEB.2005.18},
	year = {1973},
	note = {1 cites: http://scholar.google.com/scholar?num=100\&hl=en\&lr=\&cites=13845911124014454716},
}
@article {pop0067,
	author = {JL Merz and AL Barabási and JK Furdyna and RS Williams},
	title = {Nanostructure self-assembly as an emerging technology},
	journal = {Future Trends in Microelectronics},
	publisher = {ee.sunysb.edu},
	year = {1999},
	note = {1 cites: http://scholar.google.com/scholar?num=100\&hl=en\&lr=\&cites=7784742969713638670},
}
@article {pop0068,
	author = {A Vazquez and B Rácz and A Lukács and AL Barabási},
	title = {Impact of Non-Poissonian Activity Patterns on Spreading Processes},
	journal = {Physical Review Letters},
	publisher = {APS},
	url = {http://link.aps.org/doi/10.1103/PhysRevLett.98.158702},
	year = {2007},
	note = {1 cites: http://scholar.google.com/scholar?num=100\&hl=en\&lr=\&cites=14993882276707705607},
}
@article {pop0069,
	author = {AL Barabási and T Vicsek},
	title = {Tracing a diffusion-limited aggregate: Self-affine versus self-similar scaling},
	journal = {Physical Review A},
	publisher = {APS},
	url = {http://link.aps.org/doi/10.1103/PhysRevA.41.6881},
	year = {1990},
	note = {1 cites: http://scholar.google.com/scholar?num=100\&hl=en\&lr=\&cites=3595756992567235646},
}
@article {pop0070,
	author = {AL Barabási},
	title = {Jeong, Hawoong},
	journal = {Neda, Zoltan},
	note = {1 cites: http://scholar.google.com/scholar?num=100\&hl=en\&lr=\&cites=2338237365886560158},
}
@article {pop0071,
	author = {AL Barabási},
	title = {andRékaAlbert. 2002.“Statisticalmechanicsofcomplex networks.”},
	journal = {Reviews of Modern Physics},
	note = {1 cites: http://scholar.google.com/scholar?num=100\&hl=en\&lr=\&cites=10813849892055376815},
}
@article {pop0072,
	author = {AL Barabási},
	title = {Albert, Réka (1999).‘Emergence of scaling in random networks’},
	journal = {Science},
	note = {1 cites: http://scholar.google.com/scholar?num=100\&hl=en\&lr=\&cites=16820519424079871604},
}
@article {pop0073,
	author = {B Albert-László and R Albert},
	title = {Emergence of scaling in random networks},
	journal = {Science. v286 i},
	year = {5439},
	note = {1 cites: http://scholar.google.com/scholar?num=100\&hl=en\&lr=\&cites=17518121277591863729},
}
@book {pop0074,
	author = {AL Barabási and F Slanina},
	title = {V pavučině sítí},
	publisher = {Paseka},
	year = {2005},
	note = {1 cites: http://scholar.google.com/scholar?num=100\&hl=en\&lr=\&cites=11811949318010573076},
}
@article {pop0075,
	author = {B Albert-László and N Oltvai Zoltán},
	title = {Network Biology: Understanding the Cell’s Functional Organization - IU-Link},
	journal = {Nature Reviews Genetics},
	year = {2004},
	note = {1 cites: http://scholar.google.com/scholar?num=100\&hl=en\&lr=\&cites=7001237146267857968},
}
@article {pop0076,
	author = {BA László},
	title = {Behálózva, a hálózatok új tudománya: hogyan kapcsolódik minden egymáshoz, és mit jelent ez a …},
	journal = {Budapest, Magyar Könyvklub},
	year = {2003},
	note = {1 cites: http://scholar.google.com/scholar?num=100\&hl=en\&lr=\&cites=13690727901158715589},
}
@book {pop0077,
	author = {AL Barabási and G Bianconi},
	title = {Bose-Einstein Condensation in Complex Networks},
	publisher = {eldorado.uni-dortmund.de},
	url = {http://scholar.google.comhttps://eldorado.uni-dortmund.de/handle/2003/18844},
	year = {2003},
	note = {1 cites: http://scholar.google.com/scholar?num=100\&hl=en\&lr=\&cites=7282087156908036050},
}
@article {pop0078,
	author = {AL Barabási and E Bonabeau},
	title = {Scale-free methods},
	journal = {Scientific American},
	year = {2003},
	note = {1 cites: http://scholar.google.com/scholar?num=100\&hl=en\&lr=\&cites=11103580281859760635},
}
@book {pop0079,
	author = {AL Barabási},
	title = {Albert, Réka \& Jeong},
	publisher = {Hawoong},
	year = {1999},
	note = {1 cites: http://scholar.google.com/scholar?num=100\&hl=en\&lr=\&cites=12813253318885290651},
}
@article {pop0080,
	author = {AL Barabási},
	title = {Linked: The New Science of Networks (Cambridge, Mass.: Perseus, 2002). See also Duncan J. Watts},
	journal = {Six Degrees: The Science of a Connected Age},
	note = {1 cites: http://scholar.google.com/scholar?num=100\&hl=en\&lr=\&cites=14021332194505007596},
}
@article {pop0081,
	author = {MA Makeev and AL Barabási},
	title = {Effect of surface roughness on the secondary ion yield in ion sputtering},
	journal = {Applied Physics Letters},
	publisher = {link.aip.org},
	url = {http://link.aip.org/link/?APPLAB/73/2209/1},
	year = {1998},
	note = {1 cites: http://scholar.google.com/scholar?num=100\&hl=en\&lr=\&cites=8592944083025481785},
}
@article {pop0082,
	author = {MA Makeev and AL Barabási},
	title = {Secondary ion yield changes on rippled interfaces},
	journal = {Applied Physics Letters},
	publisher = {link.aip.org},
	url = {http://link.aip.org/link/?APPLAB/72/906/1},
	year = {1998},
	note = {1 cites: http://scholar.google.com/scholar?num=100\&hl=en\&lr=\&cites=8156882625844526088},
}
@article {pop0083,
	author = {AL Barabási and VW Freeh and H Jeong and JB Brockman},
	title = {Main navigation},
	journal = {Nature},
	publisher = {nature.com},
	url = {http://www.nature.com/nature/journal/v412/n6850/abs/412894a0.html},
	year = {2001},
}
@article {pop0084,
	author = {AL Barabási and Z Dezso},
	title = {Halting Viruses in Scale-Free Networks},
	journal = {Physical Review},
}
@article {pop0085,
	author = {G Palla and I Farkas and I Derényi and AL Barabási and T …},
	title = {Reverse engineering of linking preferences from network restructuring},
	journal = {Physical Review E},
	publisher = {APS},
	url = {http://link.aps.org/doi/10.1103/PhysRevE.70.046115},
	year = {2004},
}
@article {pop0086,
	author = {AE Motter and N Gulbahce and E Almaas and AL Barabási},
	title = {Predicting synthetic rescues in metabolic networks},
	journal = {Molecular Systems Biology},
	publisher = {nature.com},
	url = {http://www.nature.com/msb/journal/v4/n1/full/msb20081.html?message=remove},
	year = {2008},
}
@article {pop0087,
	author = {MC González and AL Barabási},
	title = {From data to models},
	journal = {nd.edu},
}
@article {pop0088,
	author = {AL Barabási},
	title = {The Architecture of Complex Systems: Emergence of Scaling in Real Networks},
	journal = {American Physical Society, Annual APS March Meeting, March …},
	publisher = {adsabs.harvard.edu},
	url = {http://adsabs.harvard.edu/abs/2002APS..MAR.L5003B},
	year = {2002},
}
@article {pop0089,
	author = {D Radu and B Qasim and B Albert-László and O Zoltán},
	title = {Aggregation of topological motifs in the Escherichia coli transcriptional regulatory network},
	journal = {BMC Bioinformatics},
	publisher = {doaj.org},
	url = {http://www.doaj.org/abstract?id=83699},
}
@article {pop0090,
	author = {…  and X Yu and N Alon and AL Barabási and E Berlekamp and B …},
	title = {Editorial: The Future of Power Law Research 525},
	journal = {projecteuclid.org},
	url = {http://www.projecteuclid.org/Dienst/Repository/1.0/Disseminate/euclid.im/1150477664/body/pdf},
}
@misc {pop0091,
	author = {S Us an eLetter and E Almaas and ZN Oltvai and AL Barabási},
	title = {The Activity Reaction Core and Plasticity of Metabolic Networks},
}
@article {pop0092,
	author = {AL Barabási},
	title = {From network dynamics to human activity and mobility patters},
	journal = {American Physical Society, 2008 APS March Meeting, March 10- …},
	publisher = {adsabs.harvard.edu},
	url = {http://adsabs.harvard.edu/abs/2008APS..MARU39001B},
	year = {2008},
}
@article {pop0093,
	author = {… Marcio and BJ Ziv and B Albert-László and B László and O …},
	title = {Impact of the solvent capacity constraint on E. coli metabolism},
	journal = {BMC Systems Biology},
	publisher = {doaj.org},
	url = {http://www.doaj.org/doaj?func=abstract\&amp;id=253275},
}
@article {pop0094,
	author = {MA Makeev and I Derényi and AL Barabási},
	title = {Two-dimensional particle motion in a random potential under ac bias},
	journal = {Arxiv preprint cond-mat/0401068},
	publisher = {arxiv.org},
	url = {http://arxiv.org/abs/cond-mat/0401068},
	year = {2004},
}
@article {pop0095,
	author = {AL Barabási},
	title = {Dynamic scaling of coupled nonequilibrium interfaces},
	journal = {Physical Review A},
	publisher = {APS},
	url = {http://link.aps.org/doi/10.1103/PhysRevA.46.R2977},
	year = {1992},
}
@article {pop0096,
	author = {R Dobrin and QK Beg and AL Barabási and ZN Oltvai},
	title = {BMC Bioinformatics},
	journal = {BMC Bioinformatics},
	publisher = {biomedcentral.com},
	year = {2004},
}
@article {pop0097,
	author = {P Wang and M González and AL Barabási},
	title = {Epidemic of cell phone virus},
	journal = {American Physical Society, 2008 APS March Meeting, March 10- …},
	publisher = {adsabs.harvard.edu},
	url = {http://adsabs.harvard.edu/abs/2008APS..MARU39013W},
	year = {2008},
}
@article {pop0098,
	author = {MA Makeev and AL Barabási},
	title = {Effect of surface morphology on the sputtering yields. II. Ion sputtering from rippled surfaces},
	journal = {Nuclear Inst. and Methods in Physics Research, B},
	publisher = {Elsevier},
	url = {http://linkinghub.elsevier.com/retrieve/pii/S0168583X04003428},
	year = {2004},
}
@article {pop0099,
	author = {G Palla and AL Barabási and T Vicsek},
	title = {Community dynamics in social networks},
	journal = {Proceedings of SPIE},
	publisher = {link.aip.org},
	url = {http://link.aip.org/link/?PSISDG/6601/660106/1},
	year = {2007},
}
@article {pop0100,
	author = {AL Barabási},
	title = {3 Emergence of scaling in complex networks},
	journal = {doi.wiley.com},
	url = {http://doi.wiley.com/10.1002/3527602755.ch3},
}
@article {pop0101,
	author = {…  and X Yu and N Alon and AL Barabási and E Berlekamp and B …},
	title = {Surveys: A Survey on PageRank Computing 73},
	journal = {projecteuclid.org},
	url = {http://www.projecteuclid.org/Dienst/Repository/1.0/Disseminate/euclid.im/1128530798/body/pdf},
}
@article {pop0102,
	author = {AL BARABÁSI and E BONABEAU},
	title = {Networks},
	journal = {SCIENTIFIC AMERICAN},
	publisher = {sciamdigital.com},
	year = {2003},
}
@article {pop0103,
	author = {… K BALDWIN and D BALSARA and AL BARABÁSI and CE BARBER and SA …},
	title = {Teaching and Research Faculty},
	journal = {registrar.nd.edu},
}
@article {pop0104,
	author = {AL Barabási and R Albert and H Jeong},
	title = {Scale-free characteristics of random 1121 networks: the topology of the world-wide web” su},
	journal = {Physica A},
	year = {2000},
}
@article {pop0105,
	author = {AL Barabási},
	title = {Fluxes and dynamics in complex networks},
	journal = {American Physical Society, March Meeting 2004, March 22-26, …},
	publisher = {adsabs.harvard.edu},
	url = {http://adsabs.harvard.edu/abs/2004APS..MAR.W4002B},
	year = {2004},
}
@article {pop0106,
	author = {AL Barabási},
	title = {Statistical Mechanics of Complex Networks: From the Internet to Cell Biology},
	journal = {American Physical Society, APS March Meeting, March 13-17, …},
	publisher = {adsabs.harvard.edu},
	url = {http://adsabs.harvard.edu/abs/2006APS..MARF50003B},
	year = {2006},
}
@article {pop0107,
	author = {E ALMAAS and AL BARABÁSI},
	title = {THE ARCHITECTURE OF COMPLEXITY: FROM WWW TO CELLULAR METABOLISM},
	journal = {Springer},
	url = {http://www.springerlink.com/index/t15216668852r665.pdf},
}
@article {pop0108,
	author = {HA Makse and AL Barabási and HE Stanley},
	title = {Elastic string in a random medium},
	journal = {Physical Review E},
	publisher = {APS},
	url = {http://link.aps.org/doi/10.1103/PhysRevE.53.6573},
	year = {1996},
}
@article {pop0109,
	author = {AL Barabási and E Bonabeau},
	title = {Redes sin escala-El conocimiento de las leyes fundamentales que rigen la organización de las redes …},
	journal = {Investigación y Ciencia: Edición Española de Scientific …},
	year = {2003},
}
@article {pop0110,
	author = {P Jensen and AL Barabási and H Larralde and S Havlin and HE …},
	title = {Connectivity of diffusing particles continually deposited on a surface: relation to LECBD …},
	journal = {Physica. A},
	publisher = {ory.ph.biu.ac.il},
	year = {1994},
}
@article {pop0111,
	author = {G Palla and AL Barabási and T Vicsek and NPG Contact},
	title = {From the following article},
	journal = {Nature},
	publisher = {nature.com},
	url = {http://www.nature.com/nature/journal/v446/n7136/box/nature05670_audecl.html},
	year = {2007},
}
